@misc{AdjointIdealSource,
  title = {{AdjointIdeal: Adjoint ideals of plane curves and related computations. Version~0.6}},
  author = {Janko Boehm},
  howpublished = {Available at \url{https://github.com/Macaulay2/M2/tree/master/M2/Macaulay2/packages}}
}

@misc{AnalyzeSheafOnP1Source,
  title = {{AnalyzeSheafOnP1: Decompose a Sheaf on P1. Version~0.1}},
  author = {David Eisenbud},
  howpublished = {Available at \url{https://github.com/Macaulay2/M2/tree/master/M2/Macaulay2/packages}}
}

@misc{BeginningMacaulay2Source,
  title = {{BeginningMacaulay2: Mathematicians' Introduction to  \emph{Macaulay2}. Version~1.0}},
  author = {David Eisenbud and Mike Stillman},
  howpublished = {Available at \url{https://github.com/Macaulay2/M2/tree/master/M2/Macaulay2/packages}}
}

@misc{BenchmarkSource,
  title = {{Benchmark: standard \emph{Macaulay2} benchmarks. Version~1.0}},
  author = {Daniel R. Grayson and Michael E. Stillman},
  howpublished = {Available at \url{https://github.com/Macaulay2/M2/tree/master/M2/Macaulay2/packages}}
}

@misc{BertiniSource,
  title = {{Bertini: Interface to Bertini. Version~2.1.2.2}},
  author = {Elizabeth Gross and Jose Israel Rodriguez and Dan Bates and Anton Leykin},
  howpublished = {Available at \url{https://github.com/Macaulay2/M2/tree/master/M2/Macaulay2/packages}}
}

@misc{BGGSource,
  title = {{BGG: Bernstein-Gelfand-Gelfand correspondence. Version~1.4.1}},
  author = {Hirotachi Abo and Wolfram Decker and David Eisenbud and Frank Schreyer and Gregory G. Smith and Mike Stillman},
  howpublished = {Available at \url{https://github.com/Macaulay2/M2/tree/master/M2/Macaulay2/packages}}
}

@misc{BIBasisSource,
  title = {{BIBasis: Involutive Pommaret basis in a Boolean ring. Version~0.6.3}},
  author = {Mikhail Zinin},
  howpublished = {Available at \url{https://github.com/Macaulay2/M2/tree/master/M2/Macaulay2/packages}}
}

@misc{BinomialEdgeIdealsSource,
  title = {{BinomialEdgeIdeals: Package for computations with  binomial edge ideals. Version~1.0}},
  author = {Tobias Windisch},
  howpublished = {Available at \url{https://github.com/Macaulay2/M2/tree/master/M2/Macaulay2/packages}}
}

@misc{BinomialsSource,
  title = {{Binomials: Specialized routines for binomial ideals. Version~1.2}},
  author = {Thomas Kahle},
  howpublished = {Available at \url{https://github.com/Macaulay2/M2/tree/master/M2/Macaulay2/packages}}
}

@article{BinomialsArticle,
  title = {{Decompositions of binomial ideals}},
  author = {Thomas Kahle},
  journal = {The Journal of Software for Algebra and Geometry: Macaulay2},
  volume = {4},
  year = {2012},
}

@misc{BoijSoederbergSource,
  title = {{BoijSoederberg: betti diagram operations useful for investigating the Boij-Soederberg conjectures. Version~1.5}},
  author = {David Eisenbud and Frank Schreyer and Mike Stillman and Courtney Gibbons and Branden Stone},
  howpublished = {Available at \url{https://github.com/Macaulay2/M2/tree/master/M2/Macaulay2/packages}}
}

@misc{Book3264ExamplesSource,
  title = {{Book3264Examples: Examples to accompany the eponymous book by Eisenbud and Harris. Version~0.1}},
  author = {Charley Crissman},
  howpublished = {Available at \url{https://github.com/Macaulay2/M2/tree/master/M2/Macaulay2/packages}}
}

@misc{BooleanGBSource,
  title = {{BooleanGB: Groebner Bases for Ideals in Boolean Polynomial Quotient Ring. Version~1.0}},
  author = {Franziska Hinkelmann and Mike Stillman and Elizabeth Arnold},
  howpublished = {Available at \url{https://github.com/Macaulay2/M2/tree/master/M2/Macaulay2/packages}}
}

@misc{BrowseSource,
  title = {{Browse: a method for browsing and examining \emph{Macaulay2} data structures. Version~1.0}},
  author = {Daniel R. Grayson},
  howpublished = {Available at \url{https://github.com/Macaulay2/M2/tree/master/M2/Macaulay2/packages}}
}

@misc{BrunsSource,
  title = {{Bruns: make a 3-generator ideal with an ``any" resolution. Version~2.0}},
  author = {David Eisenbud},
  howpublished = {Available at \url{https://github.com/Macaulay2/M2/tree/master/M2/Macaulay2/packages}}
}

@misc{ChainComplexExtrasSource,
  title = {{ChainComplexExtras: Some additional ChainComplex Functions. Version~1}},
  author = {David Eisenbud and Frank Moore and Frank-Olaf Schreyer and Greg Smith},
  howpublished = {Available at \url{https://github.com/Macaulay2/M2/tree/master/M2/Macaulay2/packages}}
}

@misc{CharacteristicClassesSource,
  title = {{CharacteristicClasses: A \emph{Macaulay2} package. Version~2.0}},
  author = {Martin Helmer and Christine Jost},
  howpublished = {Available at \url{https://github.com/Macaulay2/M2/tree/master/M2/Macaulay2/packages}}
}

@article{CharacteristicClassesArticle,
  title = {{Computing characteristic classes and the topological Euler characteristic of complex projective schemes}},
  author = {Martin Helmer and Christine Jost},
  journal = {The Journal of Software for Algebra and Geometry},
  volume = {7},
  year = {2015},
}

@misc{ClassicSource,
  title = {{Classic: a classic Macaulay parser. Version~1.0}},
  author = {Daniel R. Grayson},
  howpublished = {Available at \url{https://github.com/Macaulay2/M2/tree/master/M2/Macaulay2/packages}}
}

@misc{CodepthThreeSource,
  title = {{CodepthThree: A \emph{Macaulay2} package. Version~1.0}},
  author = {Lars Winther Christensen and Oana Veliche},
  howpublished = {Available at \url{https://github.com/Macaulay2/M2/tree/master/M2/Macaulay2/packages}}
}

@article{CodepthThreeArticle,
  title = {{Local rings of embedding codepth 3: A classification algorithm}},
  author = {Lars Winther Christensen and Oana Veliche},
  journal = {The Journal of Software for Algebra and Geometry},
  volume = {6},
  year = {2014},
}

@misc{CompleteIntersectionResolutionsSource,
  title = {{CompleteIntersectionResolutions: Analyzing Resolutions over a Complete Intersection. Version~1.0}},
  author = {David Eisenbud},
  howpublished = {Available at \url{https://github.com/Macaulay2/M2/tree/master/M2/Macaulay2/packages}}
}

@misc{ConformalBlocksSource,
  title = {{ConformalBlocks: for conformal block divisors. Version~2.2}},
  author = {Dave Swinarski},
  howpublished = {Available at \url{https://github.com/Macaulay2/M2/tree/master/M2/Macaulay2/packages}}
}

@misc{ConvexInterfaceSource,
  title = {{ConvexInterface: Interface to Convex. Version~0.33}},
  author = {Janko Boehm},
  howpublished = {Available at \url{https://github.com/Macaulay2/M2/tree/master/M2/Macaulay2/packages}}
}

@misc{ConwayPolynomialsSource,
  title = {{ConwayPolynomials: a database of Conway polynomials. Version~1.0}},
  author = {Daniel R. Grayson},
  howpublished = {Available at \url{https://github.com/Macaulay2/M2/tree/master/M2/Macaulay2/packages}}
}

@misc{CremonaSource,
  title = {{Cremona: Some computations for rational maps between projective varieties. Version~2.0}},
  author = {Giovanni Staglian{\`o}},
  howpublished = {Available at \url{https://github.com/Macaulay2/M2/tree/master/M2/Macaulay2/packages}}
}

@misc{CyclotomicSource,
  title = {{Cyclotomic: Routines for cyclotomic fields. Version~1.0}},
  author = {Thomas Kahle},
  howpublished = {Available at \url{https://github.com/Macaulay2/M2/tree/master/M2/Macaulay2/packages}}
}

@misc{DepthSource,
  title = {{Depth: aids in computations related to depth. Version~1.0}},
  author = {Bart Snapp and David Eisenbud and Branden Stone},
  howpublished = {Available at \url{https://github.com/Macaulay2/M2/tree/master/M2/Macaulay2/packages}}
}

@misc{DGAlgebrasSource,
  title = {{DGAlgebras: Data type for DG algebras. Version~0.8}},
  author = {Frank Moore},
  howpublished = {Available at \url{https://github.com/Macaulay2/M2/tree/master/M2/Macaulay2/packages}}
}

@misc{DivisorSource,
  title = {{Divisor: A package for working with Weil divisors. Version~0.1p}},
  author = {Karl Schwede and Zhaoning Yang},
  howpublished = {Available at \url{https://github.com/Macaulay2/M2/tree/master/M2/Macaulay2/packages}}
}

@misc{DmodulesSource,
  title = {{Dmodules: functions for computations with D-modules. Version~1.4.0.1}},
  author = {Anton Leykin and Harrison Tsai},
  howpublished = {Available at \url{https://github.com/Macaulay2/M2/tree/master/M2/Macaulay2/packages}}
}

@misc{EdgeIdealsSource,
  title = {{EdgeIdeals: a package for edge ideals. Version~1.0.2}},
  author = {Chris Francisco and Andrew Hoefel and Adam Van Tuyl},
  howpublished = {Available at \url{https://github.com/Macaulay2/M2/tree/master/M2/Macaulay2/packages}}
}

@article{EdgeIdealsArticle,
  title = {{EdgeIdeals: a package for (hyper)graphs}},
  author = {Chris Francisco and Andrew Hoefel and Adam Van Tuyl},
  journal = {The Journal of Software for Algebra and Geometry: Macaulay2},
  volume = {1},
  year = {2009},
}

@misc{EliminationSource,
  title = {{Elimination: a package for elimination of variables. Version~1.0}},
  author = {Michael E. Stillman},
  howpublished = {Available at \url{https://github.com/Macaulay2/M2/tree/master/M2/Macaulay2/packages}}
}

@misc{EliminationMatricesSource,
  title = {{EliminationMatrices: Package for computing resultants. Version~1.4}},
  author = {Nicol{\'a}s Botbol and Laurent Bus{\'e} and Manuel Dubinsky},
  howpublished = {Available at \url{https://github.com/Macaulay2/M2/tree/master/M2/Macaulay2/packages}}
}

@misc{EllipticCurvesSource,
  title = {{EllipticCurves: A \emph{Macaulay2} package. Version~0.1}},
  author = {Alessandro Oneto and Stefano Marseglia},
  howpublished = {Available at \url{https://github.com/Macaulay2/M2/tree/master/M2/Macaulay2/packages}}
}

@misc{EllipticIntegralsSource,
  title = {{EllipticIntegrals: uniformization of elliptic curves. Version~1.0}},
  author = {Daniel R. Grayson},
  howpublished = {Available at \url{https://github.com/Macaulay2/M2/tree/master/M2/Macaulay2/packages}}
}

@misc{EnumerationCurvesSource,
  title = {{EnumerationCurves: Enumeration of rational curves via torus actions. Version~0.1}},
  author = {Hiep Dang},
  howpublished = {Available at \url{https://github.com/Macaulay2/M2/tree/master/M2/Macaulay2/packages}}
}

@misc{EquivariantGBSource,
  title = {{EquivariantGB: Equivariant Groebner bases and related algorithms. Version~0.2}},
  author = {Chris Hillar and Robert Krone and Anton Leykin},
  howpublished = {Available at \url{https://github.com/Macaulay2/M2/tree/master/M2/Macaulay2/packages}}
}

@misc{ExampleSystemsSource,
  title = {{ExampleSystems: examples of polynomial systems. Version~0.1}},
  author = {Anton Leykin},
  howpublished = {Available at \url{https://github.com/Macaulay2/M2/tree/master/M2/Macaulay2/packages}}
}

@misc{FiniteFittingIdealsSource,
  title = {{FiniteFittingIdeals: A package for computing Fitting ideals of finite modules. Version~1.0}},
  author = {Gustav S{\ae}d{\'e}n St{\aa}hl},
  howpublished = {Available at \url{https://github.com/Macaulay2/M2/tree/master/M2/Macaulay2/packages}}
}

@misc{FirstPackageSource,
  title = {{FirstPackage: an example \emph{Macaulay2} package. Version~1.1}},
  author = {Jane Doe},
  howpublished = {Available at \url{https://github.com/Macaulay2/M2/tree/master/M2/Macaulay2/packages}}
}

@misc{FormalGroupLawsSource,
  title = {{FormalGroupLaws: Package to deal with commutative formal group laws. Version~0.2}},
  author = {Baptiste Calm{\`e}s and Viktor Petrov},
  howpublished = {Available at \url{https://github.com/Macaulay2/M2/tree/master/M2/Macaulay2/packages}}
}

@misc{FourierMotzkinSource,
  title = {{FourierMotzkin: convex hulls and polar cones. Version~1.2}},
  author = {Gregory G. Smith},
  howpublished = {Available at \url{https://github.com/Macaulay2/M2/tree/master/M2/Macaulay2/packages}}
}

@misc{FourTiTwoSource,
  title = {{FourTiTwo: Interface to 4ti2. Version~1.0}},
  author = {Mike Stillman and Josephine Yu and Sonja Petrovic},
  howpublished = {Available at \url{https://github.com/Macaulay2/M2/tree/master/M2/Macaulay2/packages}}
}

@misc{FourTiTwoSource,
  title = {{FourTiTwo: Interface to 4ti2. Version~1.0}},
  author = {Mike Stillman and Josephine Yu and Sonja Petrovic},
  howpublished = {Available at \url{https://github.com/Macaulay2/M2/tree/master/M2/Macaulay2/packages}}
}

@misc{GenericInitialIdealSource,
  title = {{GenericInitialIdeal: find the generic initial ideal of a given ideal. Version~0.2}},
  author = {Alexandra Seceleanu and Nathaniel Stapleton},
  howpublished = {Available at \url{https://github.com/Macaulay2/M2/tree/master/M2/Macaulay2/packages}}
}

@misc{gfanInterfaceSource,
  title = {{gfanInterface: Interface to A. Jensen's gfan package. Version~0.2.1}},
  author = {Mike Stillman and Andrew Hoefel},
  howpublished = {Available at \url{https://github.com/Macaulay2/M2/tree/master/M2/Macaulay2/packages}}
}

@misc{GraphicalModelsSource,
  title = {{GraphicalModels: A package for discrete and Gaussian graphical models. Version~1.0}},
  author = {Luis Garcia-Puente and Sonja Petrovic and Mike Stillman and Seth Sullivant},
  howpublished = {Available at \url{https://github.com/Macaulay2/M2/tree/master/M2/Macaulay2/packages}}
}

@article{GraphicalModelsArticle,
  title = {{Graphical Models}},
  author = {Luis Garcia-Puente and Sonja Petrovic and Mike Stillman and Seth Sullivant},
  journal = {The Journal of Software for Algebra and Geometry},
  volume = {5},
  year = {2013},
}

@misc{GraphicsSource,
  title = {{Graphics: Create graphics. Version~0.2}},
  author = {Baptiste Calm{\`e}s and Viktor Petrov},
  howpublished = {Available at \url{https://github.com/Macaulay2/M2/tree/master/M2/Macaulay2/packages}}
}

@misc{GraphsSource,
  title = {{Graphs: Package for processing graphs and directed graphs (digraphs). Version~0.3.1}},
  author = {Jack Burkart and David Cook II and Caroline Jansen and Amelia Taylor and Augustine O'Keefe},
  howpublished = {Available at \url{https://github.com/Macaulay2/M2/tree/master/M2/Macaulay2/packages}}
}

@misc{HigherCIOperatorsSource,
  title = {{HigherCIOperators: Higer CI operators. Version~0.5}},
  author = {David Eisenbud},
  howpublished = {Available at \url{https://github.com/Macaulay2/M2/tree/master/M2/Macaulay2/packages}}
}

@misc{HighestWeightsSource,
  title = {{HighestWeights: A \emph{Macaulay2} package. Version~0.6.5}},
  author = {Federico Galetto},
  howpublished = {Available at \url{https://github.com/Macaulay2/M2/tree/master/M2/Macaulay2/packages}}
}

@article{HighestWeightsArticle,
  title = {{Free resolutions and modules with a semisimple Lie group action}},
  author = {Federico Galetto},
  journal = {The Journal of Software for Algebra and Geometry},
  volume = {7},
  year = {2015},
}

@misc{HodgeIntegralsSource,
  title = {{HodgeIntegrals: Hodge integrals on the moduli space of curves. Version~1.2.1}},
  author = {Stephanie Yang},
  howpublished = {Available at \url{https://github.com/Macaulay2/M2/tree/master/M2/Macaulay2/packages}}
}

@article{HodgeIntegralsArticle,
  title = {{Intersection numbers on $Mbar_{g,n}$}},
  author = {Stephanie Yang},
  journal = {The Journal of Software for Algebra and Geometry: Macaulay2},
  volume = {2},
  year = {2010},
}

@misc{HyperplaneArrangementsSource,
  title = {{HyperplaneArrangements: A \emph{Macaulay2} package. Version~0.9}},
  author = {Graham Denham and Gregory G. Smith},
  howpublished = {Available at \url{https://github.com/Macaulay2/M2/tree/master/M2/Macaulay2/packages}}
}

@misc{IntegralClosureSource,
  title = {{IntegralClosure: A \emph{Macaulay2} package. Version~1.0}},
  author = {Amelia Taylor and David Eisenbud and Mike Stillman},
  howpublished = {Available at \url{https://github.com/Macaulay2/M2/tree/master/M2/Macaulay2/packages}}
}

@misc{InvariantRingSource,
  title = {{InvariantRing: A \emph{Macaulay2} package. Version~1.1.0}},
  author = {Thomas Hawes},
  howpublished = {Available at \url{https://github.com/Macaulay2/M2/tree/master/M2/Macaulay2/packages}}
}

@article{InvariantRingArticle,
  title = {{Computing the invariant ring of a finite group}},
  author = {Thomas Hawes},
  journal = {The Journal of Software for Algebra and Geometry},
  volume = {5},
  year = {2013},
}

@misc{InvolutiveBasesSource,
  title = {{InvolutiveBases: Methods for Janet bases and Pommaret bases in Macaulay 2. Version~1.10}},
  author = {Daniel Robertz},
  howpublished = {Available at \url{https://github.com/Macaulay2/M2/tree/master/M2/Macaulay2/packages}}
}

@misc{KroneckerSource,
  title = {{Kronecker: Kronecker and rational normal forms. Version~0.3.3}},
  author = {Edward Carter},
  howpublished = {Available at \url{https://github.com/Macaulay2/M2/tree/master/M2/Macaulay2/packages}}
}

@misc{KustinMillerSource,
  title = {{KustinMiller: Unprojection and the Kustin-Miller complex construction. Version~1.4}},
  author = {Janko Boehm and Stavros Papadakis},
  howpublished = {Available at \url{https://github.com/Macaulay2/M2/tree/master/M2/Macaulay2/packages}}
}

@article{KustinMillerArticle,
  title = {{Implementing the Kustin-Miller complex construction}},
  author = {Janko Boehm and Stavros Papadakis},
  journal = {The Journal of Software for Algebra and Geometry: Macaulay2},
  volume = {4},
  year = {2012},
}

@misc{LatticePolytopesSource,
  title = {{LatticePolytopes: A package for computations with lattice polytopes. Version~1.0}},
  author = {Anders Lundman and Gustav S{\ae}d{\'e}n St{\aa}hl},
  howpublished = {Available at \url{https://github.com/Macaulay2/M2/tree/master/M2/Macaulay2/packages}}
}

@misc{LexIdealsSource,
  title = {{LexIdeals: A \emph{Macaulay2} package for manipulating lexicographic-type monomial ideals. Version~1.2}},
  author = {Chris Francisco},
  howpublished = {Available at \url{https://github.com/Macaulay2/M2/tree/master/M2/Macaulay2/packages}}
}

@misc{LieTypesSource,
  title = {{LieTypes: Common types for Lie groups and Lie algebras. Version~0.2}},
  author = {Dave Swinarski},
  howpublished = {Available at \url{https://github.com/Macaulay2/M2/tree/master/M2/Macaulay2/packages}}
}

@misc{LLLBasesSource,
  title = {{LLLBases: a package for computing Lenstra-Lenstra-Lovasz bases. Version~1.1}},
  author = {Michael E. Stillman},
  howpublished = {Available at \url{https://github.com/Macaulay2/M2/tree/master/M2/Macaulay2/packages}}
}

@misc{LocalRingsSource,
  title = {{LocalRings: Local rings at the origin. Version~1.0}},
  author = {David Eisenbud and Mike Stillman},
  howpublished = {Available at \url{https://github.com/Macaulay2/M2/tree/master/M2/Macaulay2/packages}}
}

@misc{M0nbarSource,
  title = {{M0nbar: A \emph{Macaulay2} package. Version~0.3}},
  author = {Han-Bom Moon and David Swinarski},
  howpublished = {Available at \url{https://github.com/Macaulay2/M2/tree/master/M2/Macaulay2/packages}}
}

@misc{Macaulay2DocSource,
  title = {{Macaulay2Doc: A \emph{Macaulay2} package. Version~1.9.2}},
  author = {Daniel R. Grayson and Michael E. Stillman},
  howpublished = {Available at \url{https://github.com/Macaulay2/M2/tree/master/M2/Macaulay2/packages}}
}

@misc{MapleInterfaceSource,
  title = {{MapleInterface: Interface to Maple. Version~0.3}},
  author = {Janko Boehm},
  howpublished = {Available at \url{https://github.com/Macaulay2/M2/tree/master/M2/Macaulay2/packages}}
}

@misc{MarkovSource,
  title = {{Markov: Markov ideals, arising from Bayesian networks in statistics. Version~1.2}},
  author = {Luis Garcia and Mike Stillman},
  howpublished = {Available at \url{https://github.com/Macaulay2/M2/tree/master/M2/Macaulay2/packages}}
}

@misc{MCMApproximationsSource,
  title = {{MCMApproximations: MCM Approximations and Complete Intersections. Version~1.0}},
  author = {David Eisenbud},
  howpublished = {Available at \url{https://github.com/Macaulay2/M2/tree/master/M2/Macaulay2/packages}}
}

@misc{MinimalPrimesSource,
  title = {{MinimalPrimes: minimal primes of an ideal. Version~0.9}},
  author = {Frank Moore and Mike Stillman and Franziska Hinkelmann},
  howpublished = {Available at \url{https://github.com/Macaulay2/M2/tree/master/M2/Macaulay2/packages}}
}

@misc{MiuraSource,
  title = {{Miura: A \emph{Macaulay2} package. Version~0.1}},
  author = {Joe Suzuki},
  howpublished = {Available at \url{https://github.com/Macaulay2/M2/tree/master/M2/Macaulay2/packages}}
}

@misc{ModuleDeformationsSource,
  title = {{ModuleDeformations: Computing versal deformations of maximal Cohen-Macaulay modules. Version~1.0}},
  author = {Bradford Hovinen},
  howpublished = {Available at \url{https://github.com/Macaulay2/M2/tree/master/M2/Macaulay2/packages}}
}

@article{ModuleDeformationsArticle,
  title = {{Deformations of Matrix Factorisations with \emph{Macaulay2}}},
  author = {Bradford Hovinen},
  journal = {The Journal of Software for Algebra and Geometry: Macaulay2},
  volume = {2},
  year = {2010},
}

@misc{MonomialAlgebrasSource,
  title = {{MonomialAlgebras: A \emph{Macaulay2} package. Version~2.3}},
  author = {David Eisenbud and Janko Boehm and Max Nitsche},
  howpublished = {Available at \url{https://github.com/Macaulay2/M2/tree/master/M2/Macaulay2/packages}}
}

@article{MonomialAlgebrasArticle,
  title = {{Decomposition of Monomial Algebras: Applications and Algorithms}},
  author = {David Eisenbud and Janko Boehm and Max Nitsche},
  journal = {The Journal of Software for Algebra and Geometry},
  volume = {5},
  year = {2013},
}

@misc{MultiplierIdealsSource,
  title = {{MultiplierIdeals: A \emph{Macaulay2} package. Version~1.1}},
  author = {Zach Teitler and Bart Snapp and Claudiu Raicu},
  howpublished = {Available at \url{https://github.com/Macaulay2/M2/tree/master/M2/Macaulay2/packages}}
}

@article{MultiplierIdealsArticle,
  title = {{Software for multiplier ideals}},
  author = {Zach Teitler and Bart Snapp and Claudiu Raicu},
  journal = {The Journal of Software for Algebra and Geometry},
  volume = {7},
  year = {2015},
}

@misc{MultiplierIdealsDim2Source,
  title = {{MultiplierIdealsDim2: Package for computing MI in 2-dimensional rings. Version~1.0}},
  author = {Ferran Dachs-Cadefau},
  howpublished = {Available at \url{https://github.com/Macaulay2/M2/tree/master/M2/Macaulay2/packages}}
}

@misc{MultipolynomialResultantsSource,
  title = {{MultipolynomialResultants: Resultants and discriminants for multivariate polynomials. Version~1.1}},
  author = {Giovanni Staglian{\`o}},
  howpublished = {Available at \url{https://github.com/Macaulay2/M2/tree/master/M2/Macaulay2/packages}}
}

@misc{NAGtypesSource,
  title = {{NAGtypes: Common types used in Numerical Algebraic Geometry. Version~1.9}},
  author = {Anton Leykin},
  howpublished = {Available at \url{https://github.com/Macaulay2/M2/tree/master/M2/Macaulay2/packages}}
}

@misc{NautySource,
  title = {{Nauty: Interface to nauty. Version~1.4.3.1}},
  author = {David Cook II},
  howpublished = {Available at \url{https://github.com/Macaulay2/M2/tree/master/M2/Macaulay2/packages}}
}

@article{NautyArticle,
  title = {{Nauty in \emph{Macaulay2}}},
  author = {David Cook II},
  journal = {The Journal of Software for Algebra and Geometry: Macaulay2},
  volume = {3},
  year = {2011},
}

@misc{NautyGraphsSource,
  title = {{NautyGraphs: Interface to nauty (Graphs fork). Version~1.4.3.1}},
  author = {David Cook II},
  howpublished = {Available at \url{https://github.com/Macaulay2/M2/tree/master/M2/Macaulay2/packages}}
}

@misc{NoetherNormalizationSource,
  title = {{NoetherNormalization: place an ideal in Noether normal position. Version~0.9.3}},
  author = {Bart Snapp and Nathaniel Stapleton},
  howpublished = {Available at \url{https://github.com/Macaulay2/M2/tree/master/M2/Macaulay2/packages}}
}

@misc{NoetherNormalizationSource,
  title = {{NoetherNormalization: place an ideal in Noether normal position. Version~0.9.3}},
  author = {Bart Snapp and Nathaniel Stapleton},
  howpublished = {Available at \url{https://github.com/Macaulay2/M2/tree/master/M2/Macaulay2/packages}}
}

@misc{NormalizSource,
  title = {{Normaliz: a package to use Normaliz in Macaulay 2. Version~2.6}},
  author = {Gesa Kaempf and Christof Soeger},
  howpublished = {Available at \url{https://github.com/Macaulay2/M2/tree/master/M2/Macaulay2/packages}}
}

@article{NormalizArticle,
  title = {{A \emph{Macaulay2} interface for Normaliz}},
  author = {Gesa Kaempf and Christof Soeger},
  journal = {The Journal of Software for Algebra and Geometry: Macaulay2},
  volume = {2},
  year = {2010},
}

@misc{NormalToricVarietiesSource,
  title = {{NormalToricVarieties: A \emph{Macaulay2} package. Version~1.3}},
  author = {Gregory G. Smith},
  howpublished = {Available at \url{https://github.com/Macaulay2/M2/tree/master/M2/Macaulay2/packages}}
}

@misc{NumericalAlgebraicGeometrySource,
  title = {{NumericalAlgebraicGeometry: A \emph{Macaulay2} package. Version~1.9}},
  author = {Anton Leykin and Robert Krone},
  howpublished = {Available at \url{https://github.com/Macaulay2/M2/tree/master/M2/Macaulay2/packages}}
}

@article{NumericalAlgebraicGeometryArticle,
  title = {{Numerical Algebraic Geometry}},
  author = {Anton Leykin and Robert Krone},
  journal = {The Journal of Software for Algebra and Geometry: Macaulay2},
  volume = {3},
  year = {2011},
}

@misc{NumericalHilbertSource,
  title = {{NumericalHilbert: numerically compute local dual space and Hilbert functions. Version~0.2}},
  author = {Robert Krone},
  howpublished = {Available at \url{https://github.com/Macaulay2/M2/tree/master/M2/Macaulay2/packages}}
}

@misc{NumericalSchubertCalculusSource,
  title = {{NumericalSchubertCalculus: a \emph{Macaulay2} package for using numerical methods in Schubert Calculus. Version~0.4}},
  author = {Anton Leykin and Abraham Martin del Campo and Jan Verschelde},
  howpublished = {Available at \url{https://github.com/Macaulay2/M2/tree/master/M2/Macaulay2/packages}}
}

@misc{OpenMathSource,
  title = {{OpenMath: OpenMath for \emph{Macaulay2}. Version~0.2.2}},
  author = {Dan Roozemond},
  howpublished = {Available at \url{https://github.com/Macaulay2/M2/tree/master/M2/Macaulay2/packages}}
}

@misc{PackageTemplateSource,
  title = {{PackageTemplate: an example \emph{Macaulay2} package. Version~1.0}},
  author = {Jane Doe},
  howpublished = {Available at \url{https://github.com/Macaulay2/M2/tree/master/M2/Macaulay2/packages}}
}

@misc{ParametrizationSource,
  title = {{Parametrization: Rational parametrization of rational plane curves and related computations. Version~0.6}},
  author = {Janko Boehm},
  howpublished = {Available at \url{https://github.com/Macaulay2/M2/tree/master/M2/Macaulay2/packages}}
}

@misc{ParsingSource,
  title = {{Parsing: a framework for creating recursive descent parsers. Version~1.0}},
  author = {Daniel R. Grayson (高单)},
  howpublished = {Available at \url{https://github.com/Macaulay2/M2/tree/master/M2/Macaulay2/packages}}
}

@misc{PermanentsSource,
  title = {{Permanents: Compute the permanents of a matrix. Version~0.9}},
  author = {Tair Akhmejanov},
  howpublished = {Available at \url{https://github.com/Macaulay2/M2/tree/master/M2/Macaulay2/packages}}
}

@misc{PHCpackSource,
  title = {{PHCpack: Interface to PHCpack. Version~1.6.2}},
  author = {Elizabeth Gross and Sonja Petrovic and Jan Verschelde},
  howpublished = {Available at \url{https://github.com/Macaulay2/M2/tree/master/M2/Macaulay2/packages}}
}

@article{PHCpackArticle,
  title = {{Interfacing with PHCpack}},
  author = {Elizabeth Gross and Sonja Petrovic and Jan Verschelde},
  journal = {The Journal of Software for Algebra and Geometry},
  volume = {5},
  year = {2013},
}

@misc{PieriMapsSource,
  title = {{PieriMaps: A \emph{Macaulay2} package. Version~1.0}},
  author = {Steven V Sam},
  howpublished = {Available at \url{https://github.com/Macaulay2/M2/tree/master/M2/Macaulay2/packages}}
}

@article{PieriMapsArticle,
  title = {{Computing inclusions of Schur modules}},
  author = {Steven V Sam},
  journal = {The Journal of Software for Algebra and Geometry: Macaulay2},
  volume = {1},
  year = {2009},
}

@misc{PointsSource,
  title = {{Points: computing with sets of points. Version~2.0}},
  author = {Mike Stillman and Gregory G. Smith and Stein A. Str{\o}mme and David Eisenbud},
  howpublished = {Available at \url{https://github.com/Macaulay2/M2/tree/master/M2/Macaulay2/packages}}
}

@misc{PolyhedraSource,
  title = {{Polyhedra: A package for computations with convex polyhedra. Version~1.3}},
  author = {Ren{\'e} Birkner},
  howpublished = {Available at \url{https://github.com/Macaulay2/M2/tree/master/M2/Macaulay2/packages}}
}

@article{PolyhedraArticle,
  title = {{Polyhedra: a package for computations with convex polyhedral objects}},
  author = {Ren{\'e} Birkner},
  journal = {The Journal of Software for Algebra and Geometry: Macaulay2},
  volume = {1},
  year = {2009},
}

@misc{PolymakeSource,
  title = {{Polymake: a package for interfacing with polymake. Version~0.1}},
  author = {Josephine Yu},
  howpublished = {Available at \url{https://github.com/Macaulay2/M2/tree/master/M2/Macaulay2/packages}}
}

@misc{PosetsSource,
  title = {{Posets: Package for processing partially ordered sets (posets). Version~1.1.2}},
  author = {David Cook II and Sonja Mapes and Gwyn Whieldon},
  howpublished = {Available at \url{https://github.com/Macaulay2/M2/tree/master/M2/Macaulay2/packages}}
}

@article{PosetsArticle,
  title = {{Partially ordered sets in \emph{Macaulay2}}},
  author = {David Cook II and Sonja Mapes and Gwyn Whieldon},
  journal = {The Journal of Software for Algebra and Geometry},
  volume = {7},
  year = {2015},
}

@misc{PrimaryDecompositionSource,
  title = {{PrimaryDecomposition: functions for primary decomposition. Version~1.0}},
  author = {Michael E. Stillman},
  howpublished = {Available at \url{https://github.com/Macaulay2/M2/tree/master/M2/Macaulay2/packages}}
}

@misc{PushForwardSource,
  title = {{PushForward: push forwards of finite ring maps. Version~0.1}},
  author = {Claudiu Raicu},
  howpublished = {Available at \url{https://github.com/Macaulay2/M2/tree/master/M2/Macaulay2/packages}}
}

@misc{QthPowerSource,
  title = {{QthPower: An implementation of the Qth-Power algorithm for computing integral closures. Version~1.02}},
  author = {Douglas A. Leonard},
  howpublished = {Available at \url{https://github.com/Macaulay2/M2/tree/master/M2/Macaulay2/packages}}
}

@misc{QuillenSuslinSource,
  title = {{QuillenSuslin: A \emph{Macaulay2} package. Version~1.7}},
  author = {Brett Barwick and Branden Stone},
  howpublished = {Available at \url{https://github.com/Macaulay2/M2/tree/master/M2/Macaulay2/packages}}
}

@article{QuillenSuslinArticle,
  title = {{Computing free bases for projective modules}},
  author = {Brett Barwick and Branden Stone},
  journal = {The Journal of Software for Algebra and Geometry},
  volume = {5},
  year = {2013},
}

@misc{RandomCanonicalCurvesSource,
  title = {{RandomCanonicalCurves: Construction of random smooth canonical curves up to genus 14. Version~0.6}},
  author = {Frank-Olaf Schreyer and Hans-Christian Graf v. Bothmer},
  howpublished = {Available at \url{https://github.com/Macaulay2/M2/tree/master/M2/Macaulay2/packages}}
}

@misc{RandomCurvesSource,
  title = {{RandomCurves: Construction of random curves. Version~0.6}},
  author = {Frank-Olaf Schreyer and Hans-Christian Graf v. Bothmer and Florian Geiss},
  howpublished = {Available at \url{https://github.com/Macaulay2/M2/tree/master/M2/Macaulay2/packages}}
}

@misc{RandomGenus14CurvesSource,
  title = {{RandomGenus14Curves: Construction of random smooth curves of genus 14. Version~0.6}},
  author = {Frank-Olaf Schreyer and Hans-Christian Graf v. Bothmer},
  howpublished = {Available at \url{https://github.com/Macaulay2/M2/tree/master/M2/Macaulay2/packages}}
}

@misc{RandomIdealsSource,
  title = {{RandomIdeals: a package for creating random ideals of various sorts. Version~2.0}},
  author = {Katie Ansaldi and David Eisenbud and Robert Krone and Jay Yang},
  howpublished = {Available at \url{https://github.com/Macaulay2/M2/tree/master/M2/Macaulay2/packages}}
}

@misc{RandomObjectsSource,
  title = {{RandomObjects: a framework for making random objects in algebraic geometry. Version~0.2}},
  author = {Hans-Christian Graf v. Bothmer and Florian Geiss and Daniel R. Grayson and Frank-Olaf Schreyer},
  howpublished = {Available at \url{https://github.com/Macaulay2/M2/tree/master/M2/Macaulay2/packages}}
}

@misc{RandomPlaneCurvesSource,
  title = {{RandomPlaneCurves: Construction of random plane curves. Version~0.6}},
  author = {Hans-Christian Graf v. Bothmer and Florian Geiss and Frank-Olaf Schreyer},
  howpublished = {Available at \url{https://github.com/Macaulay2/M2/tree/master/M2/Macaulay2/packages}}
}

@misc{RandomSpaceCurvesSource,
  title = {{RandomSpaceCurves: Construction of random smooth space curves. Version~0.5}},
  author = {Hans-Christian Graf v. Bothmer and Florian Geiss and Frank-Olaf Schreyer},
  howpublished = {Available at \url{https://github.com/Macaulay2/M2/tree/master/M2/Macaulay2/packages}}
}

@misc{RationalMapsSource,
  title = {{RationalMaps: A package for working with rational maps. Version~0.2}},
  author = {Karl Schwede and Daniel Smolkin and S. Hamid Hassanzadeh and C.J. Bott},
  howpublished = {Available at \url{https://github.com/Macaulay2/M2/tree/master/M2/Macaulay2/packages}}
}

@misc{RationalPointsSource,
  title = {{RationalPoints: A \emph{Macaulay2} package. Version~0.95}},
  author = {Nathaniel Stapleton},
  howpublished = {Available at \url{https://github.com/Macaulay2/M2/tree/master/M2/Macaulay2/packages}}
}

@misc{ReesAlgebraSource,
  title = {{ReesAlgebra: A \emph{Macaulay2} package. Version~1.1}},
  author = {David Eisenbud and Amelia Taylor and Sorin Popescu and Michael E. Stillman},
  howpublished = {Available at \url{https://github.com/Macaulay2/M2/tree/master/M2/Macaulay2/packages}}
}

@misc{RegularitySource,
  title = {{Regularity: computes the Castelnuovo-Mumford regularity of a given homogeneous ideal. Version~1.0}},
  author = {Alexandra Seceleanu and Nathaniel Stapleton},
  howpublished = {Available at \url{https://github.com/Macaulay2/M2/tree/master/M2/Macaulay2/packages}}
}

@misc{ResidualIntersectionsSource,
  title = {{ResidualIntersections: Package for studying conditions associated to Residual Intersection theory. Version~1.1}},
  author = {Katie Ansaldi and David Eisenbud and Robert Krone and Jay Yang},
  howpublished = {Available at \url{https://github.com/Macaulay2/M2/tree/master/M2/Macaulay2/packages}}
}

@misc{RunExternalM2Source,
  title = {{RunExternalM2: run \emph{Macaulay2} functions outside the current \emph{Macaulay2} process. Version~0.83}},
  author = {Brian Pike},
  howpublished = {Available at \url{https://github.com/Macaulay2/M2/tree/master/M2/Macaulay2/packages}}
}

@misc{Schubert2Source,
  title = {{Schubert2: computations of characteristic classes for varieties without equations. Version~0.7}},
  author = {Daniel R. Grayson and Michael E. Stillman and Stein A. Str{\o}mme and David Eisenbud and Charley Crissman},
  howpublished = {Available at \url{https://github.com/Macaulay2/M2/tree/master/M2/Macaulay2/packages}}
}

@misc{SchurFunctorsSource,
  title = {{SchurFunctors: computations of Schur modules and maps between them. Version~0.1}},
  author = {Michael E. Stillman and Anton Leykin and Mauricio Velasco},
  howpublished = {Available at \url{https://github.com/Macaulay2/M2/tree/master/M2/Macaulay2/packages}}
}

@misc{SchurRingsSource,
  title = {{SchurRings: representation rings of general linear groups and of symmetric groups. Version~1.1}},
  author = {Michael Stillman and Hal Schenck and Claudiu Raicu},
  howpublished = {Available at \url{https://github.com/Macaulay2/M2/tree/master/M2/Macaulay2/packages}}
}

@misc{SCSCPSource,
  title = {{SCSCP: SCSCP for \emph{Macaulay2}. Version~0.2.1}},
  author = {Dan Roozemond},
  howpublished = {Available at \url{https://github.com/Macaulay2/M2/tree/master/M2/Macaulay2/packages}}
}

@misc{SerializationSource,
  title = {{Serialization: reversible conversion of all \emph{Macaulay2} objects to strings. Version~0.1}},
  author = {Daniel R. Grayson},
  howpublished = {Available at \url{https://github.com/Macaulay2/M2/tree/master/M2/Macaulay2/packages}}
}

@misc{SimpleDocSource,
  title = {{SimpleDoc: a simple documentation function. Version~1.1}},
  author = {Dan Grayson and Mike Stillman},
  howpublished = {Available at \url{https://github.com/Macaulay2/M2/tree/master/M2/Macaulay2/packages}}
}

@misc{SimplicialComplexesSource,
  title = {{SimplicialComplexes: A \emph{Macaulay2} package. Version~1.2}},
  author = {Sorin Popescu and Gregory G. Smith and Mike Stillman},
  howpublished = {Available at \url{https://github.com/Macaulay2/M2/tree/master/M2/Macaulay2/packages}}
}

@misc{SimplicialDecomposabilitySource,
  title = {{SimplicialDecomposability: various decomposability routines for simplicial complexes. Version~1.0.6}},
  author = {David Cook II},
  howpublished = {Available at \url{https://github.com/Macaulay2/M2/tree/master/M2/Macaulay2/packages}}
}

@article{SimplicialDecomposabilityArticle,
  title = {{Simplicial Decomposability}},
  author = {David Cook II},
  journal = {The Journal of Software for Algebra and Geometry: Macaulay2},
  volume = {2},
  year = {2010},
}

@misc{SLPexpressionsSource,
  title = {{SLPexpressions: Straight Line Programs and Algebraic Circuits. Version~1.9}},
  author = {Anton Leykin},
  howpublished = {Available at \url{https://github.com/Macaulay2/M2/tree/master/M2/Macaulay2/packages}}
}

@misc{SRdeformationsSource,
  title = {{SRdeformations: Deformations of Stanley-Reisner rings and related computations. Version~0.51}},
  author = {Janko Boehm},
  howpublished = {Available at \url{https://github.com/Macaulay2/M2/tree/master/M2/Macaulay2/packages}}
}

@misc{StatePolytopeSource,
  title = {{StatePolytope: for computing the state polytope of an ideal. Version~1.2}},
  author = {Dave Swinarski},
  howpublished = {Available at \url{https://github.com/Macaulay2/M2/tree/master/M2/Macaulay2/packages}}
}

Warning: The "Style" package provides insufficient citation data: author.
@misc{StyleSource,
  title = {{Style: style sheets and images for the documentation. Version~1.0}},
  author = {},
  howpublished = {Available at \url{https://github.com/Macaulay2/M2/tree/master/M2/Macaulay2/packages}}
}

@misc{SymmetricPolynomialsSource,
  title = {{SymmetricPolynomials: A \emph{Macaulay2} package. Version~1.0}},
  author = {Alexandra Seceleanu},
  howpublished = {Available at \url{https://github.com/Macaulay2/M2/tree/master/M2/Macaulay2/packages}}
}

@misc{TangentConeSource,
  title = {{TangentCone: A \emph{Macaulay2} package. Version~1.0}},
  author = {Craig Huneke and David Eisenbud},
  howpublished = {Available at \url{https://github.com/Macaulay2/M2/tree/master/M2/Macaulay2/packages}}
}

@misc{TateOnProductsSource,
  title = {{TateOnProducts: Tate resolutions on products of projective spaces. Version~0.2}},
  author = {Daniel Erman and David Eisenbud and Frank-Olaf Schreyer},
  howpublished = {Available at \url{https://github.com/Macaulay2/M2/tree/master/M2/Macaulay2/packages}}
}

@misc{TensorComplexesSource,
  title = {{TensorComplexes: multilinear algebra with labeled bases. Version~1.0}},
  author = {David Eisenbud and Daniel Erman and Gregory G. Smith and Dumitru Stamate},
  howpublished = {Available at \url{https://github.com/Macaulay2/M2/tree/master/M2/Macaulay2/packages}}
}

@misc{TextSource,
  title = {{Text: documentation and hypertext. Version~0.0}},
  author = {},
  howpublished = {Available at \url{https://github.com/Macaulay2/M2/tree/master/M2/Macaulay2/packages}}
}

@misc{ToricTopologySource,
  title = {{ToricTopology: A \emph{Macaulay2} package. Version~1.0}},
  author = {Alvise Trevisan and Alexander I. Suciu},
  howpublished = {Available at \url{https://github.com/Macaulay2/M2/tree/master/M2/Macaulay2/packages}}
}

@misc{ToricVectorBundlesSource,
  title = {{ToricVectorBundles: A package for computations with vector bundles on toric varieties. Version~1.1}},
  author = {Ren{\'e} Birkner and Nathan Owen Ilten and Lars Petersen},
  howpublished = {Available at \url{https://github.com/Macaulay2/M2/tree/master/M2/Macaulay2/packages}}
}

@article{ToricVectorBundlesArticle,
  title = {{Computations with equivariant toric vector bundles}},
  author = {Ren{\'e} Birkner and Nathan Owen Ilten and Lars Petersen},
  journal = {The Journal of Software for Algebra and Geometry: Macaulay2},
  volume = {2},
  year = {2010},
}

@misc{TripletsSource,
  title = {{Triplets: Triplets of degree sequences, and associated Betti diagrams
and cohomology tables. Version~0.1}},
  author = {Gunnar Floystad},
  howpublished = {Available at \url{https://github.com/Macaulay2/M2/tree/master/M2/Macaulay2/packages}}
}

@misc{UnitsSource,
  title = {{Units: units conversion and physical constants. Version~0.9}},
  author = {Dan Grayson},
  howpublished = {Available at \url{https://github.com/Macaulay2/M2/tree/master/M2/Macaulay2/packages}}
}

@misc{VectorFieldsSource,
  title = {{VectorFields: a package for computations with vector fields. Version~1.80}},
  author = {Brian Pike},
  howpublished = {Available at \url{https://github.com/Macaulay2/M2/tree/master/M2/Macaulay2/packages}}
}

@misc{VersalDeformationsSource,
  title = {{VersalDeformations: A package for calculating versal deformations and local Hilbert schemes. Version~1.2}},
  author = {Nathan Owen Ilten},
  howpublished = {Available at \url{https://github.com/Macaulay2/M2/tree/master/M2/Macaulay2/packages}}
}

@article{VersalDeformationsArticle,
  title = {{Versal deformations and local Hilbert schemes}},
  author = {Nathan Owen Ilten},
  journal = {The Journal of Software for Algebra and Geometry: Macaulay2},
  volume = {4},
  year = {2012},
}

@misc{VisualizeSource,
  title = {{Visualize: A \emph{Macaulay2} package. Version~0.8}},
  author = {Brett Barwick and Thomas Enkosky and Branden Stone and Jim Vallandingham},
  howpublished = {Available at \url{https://github.com/Macaulay2/M2/tree/master/M2/Macaulay2/packages}}
}

@misc{WeylGroupsSource,
  title = {{WeylGroups: Root systems and Weyl groups. Version~0.5.1}},
  author = {Baptiste Calm{\`e}s and Viktor Petrov},
  howpublished = {Available at \url{https://github.com/Macaulay2/M2/tree/master/M2/Macaulay2/packages}}
}

@misc{XMLSource,
  title = {{XML: an XML parser. Version~1.1}},
  author = {Dan Grayson},
  howpublished = {Available at \url{https://github.com/Macaulay2/M2/tree/master/M2/Macaulay2/packages}}
}

@misc{PackageCitationsSource,
  title = {{PackageCitations: A \emph{Macaulay2} software package facilitating citation of \emph{Macaulay2} packages. Version~0.1}},
  author = {Aaron Dall},
  howpublished = {Available at \url{https://github.com/aarondall/PackageCitations-M2}}
}

@misc{M2,
  author = {Grayson, Daniel R. and Stillman, Michael E.},
  title = {Macaulay2, a software system for research in algebraic geometry},
  howpublished = {Available at \url{http://www.math.uiuc.edu/Macaulay2/}}
}

@misc{MatroidsSource,
  title = {{Matroids: A \emph{Macaulay2} package. Version~0.2}},
  author = {Justin Chen},
  howpublished = {Available at }
}

@misc{MatroidActivitiesSource,
  title = {{MatroidActivities: A \emph{Macaulay2} software package for computing with ordered matroids. Version~0.2}},
  author = {Aaron Dall},
  howpublished = {Available at \url{https://github.com/aarondall/MatroidActivities-M2}}
}